@misc{google,
	note    = "\url{www.google.de} (Stand 11.09.2014)",
}
